% This file was created with JabRef 2.10.
% Encoding: UTF-8


@Article{snapshotChandyLamport,
  Title                    = {Distributed Snapshots: Determining Global
States of Distributed Systems},
  Author                   = {K. Mani Chandy, Leslie Lamport},
  Journal                  = {ACM Transactions on Computer Systems},
  Year                     = {1985},
  Number                   = {1},
  Pages                    = {63 - 75},
  Volume                   = {3},

  Publisher                = {ACM}
}

@Misc{akka,
  Title                    = {Akka},
  Note                     = {http://akka.io/},
  Year                     = {2015}
}

@Misc{java,
  Title                    = {Java},
  Note                     = {https://www.java.com/en/},
  Year                     = {2015}
}

